@COMMENT{jabref-meta: selector_publisher:}
@COMMENT{jabref-meta: selector_author:}
@COMMENT{jabref-meta: selector_journal:}
@COMMENT{jabref-meta: selector_keywords:}

@Misc{wowbase,
	author = {ddebug},
	title = {ASLR in World of Warcraft (patch)},
	month = {November},
	year = 2010,
	url = {http://www.ownedcore.com/forums/world-of-warcraft/\\world-of-warcraft-bots-programs/wow-memory-editing/\\309278-disable-aslr-world-of-warcraft-patch.html}
}
@Misc{mount,
	author = {WoWWiki},
	title = {Mount},
	year = 2011,
	url = {http://www.wowwiki.com/Mount}
}
@Misc{arcemu,
	author = {{ArcEmu developers}},
	title = {ArcEmu Wiki},
	year = 2011,
	url = {http://arcemu.org/wiki/index.php?title=Main\_Page}
}
@Misc{mysqlhist,
	author = {{Oracle Inc.}},
	title = {What is MySQL?},
	year = 2011,
	url = {http://dev.mysql.com/doc/refman/5.6/en/what-is-mysql.html}
}
@Article{gilmore,
	author = {John S. Gilmore and Herman A. Engelbrecht},
	title = {A Survey of State Persistency in Peer-to-Peer},
	journal = {IEEE Transactions on Parallel and distributed systems},
	year = 2011,
	month = {July},
	url = {http://ieeexplore.ieee.org/stamp/stamp.jsp?tp=\&arnumber=5963655}
}
@Article{p2p,
	author = {John L. Miller and Jon Crowcroft},
	title = {The Near-Term Feasibility of P2P MMOG’s},
	journal = {Network and Systems Support for Games (NetGames), 2010 9th Annual Workshop},
	year = 2010,
	month = {November},
	pages = {1 - 6}
}
@Misc{offsets,
	author = {TOM\_RUS },
	title = {[WoW][4.2.2.14545] Info Dump Thread},
	month = {August},
	year = 2011,
	url = {http://www.ownedcore.com/forums/world-of-warcraft/\\world-of-warcraft-bots-programs/wow-memory-editing/\\332667-wow-4-2-2-14545-info-dump-thread.html}
}
@Misc{wowradar,
	author = {John Moore},
	title = {WoW Radar},
	month = {July},
	year = 2010,
	url = {http://www.programiscellaneous.com/programming-projects/\\wow-radar/what-is-it/}
}
@Misc{wowradapp,
	author = {jbrauman},
	title = {[Source Code] Wow Radar Application },
	month = {January},
	year = 2009,
	url = {http://www.ownedcore.com/forums/world-of-warcraft/\\world-of-warcraft-bots-programs/\\203457-source-code-wow-radar-application.html}
}
@Misc{wowbot,
	author = {Devon},
	title = {[Guide] How to make a Wow bot for complete newbs! },
	month = {February},
	year = 2011,
	url = {http://www.ownedcore.com/forums/world-of-warcraft/\\world-of-warcraft-bots-programs/wow-memory-editing/\\319172-guide-how-make-wow-bot-complete-newbs.html}
}
@Misc{wradar,
	author = {LaoArchAngel},
	title = {[BETA] WRadar - Windows Radar (for WoW) },
	month = {January},
	year = 2011,
	url = {http://www.ownedcore.com/forums/world-of-warcraft/\\world-of-warcraft-bots-programs/\\316466-beta-wradar-windows-radar-wow.html}
}
@Misc{blackmagic,
	author = {Shynd},
	title = {BlackMagic -- Managed Memory Manipulation},
	month = {November},
	year = 2008,
	url = {http://www.gamedeception.net/threads/\\14468-BlackMagic-Managed-Memory-Manipulation}
}
@Misc{objman,
	author = {MaiN},
	title = {[Question] Object Manager relationships},
	month = {August},
	year = 2011,
	url = {http://www.ownedcore.com/forums/world-of-warcraft/\\world-of-warcraft-bots-programs/wow-memory-editing/\\333722-question-object-manager-relationships.html}
}
@Article{aslr,
	author = {Ollie Whitehouse},
	title = {An Analysis of Address Space Layout Randomization on Windows Vista},
	journal = {Symantec Advanced Threat Research},
	year = 2007,
	url = {http://www.symantec.com/avcenter/reference/\\Address\_Space\_Layout\_Randomization.pdf}
}
@Misc{idapro,
	author = {Nopz},
	title = {[Tutorial] How to find simple stuff},
	month = {September},
	year = 2009,
	url = {http://www.ownedcore.com/forums/world-of-warcraft/\\world-of-warcraft-bots-programs/wow-memory-editing/\\260952-tutorial-how-find-simple-stuff.html}
}
@Misc{rc4,
	author = {Arrai},
	title = {RC4 encryption in 3.1.0 client},
	month = {March},
	year = 2009,
	url = {http://arrai.wordpress.com/2009/03/07/\\rc4-encryption-in-310-client/}
}
@Misc{xor,
	author = {Amadmonk},
	title = {Interesting results on self-decryptor},
	month = {May},
	year = 2009,
	url = {http://www.ownedcore.com/forums/world-of-warcraft/\\world-of-warcraft-bots-programs/wow-memory-editing/\\233078-interesting-results-self-decryptor.html},
	timestamp = {2009.05.15}
}
@Article{previous,
	author = {John L. Miller and Jon Crowcroft},
	title = {Avatar movement in World of Warcraft battlegrounds},
	journal = {Proceedings of the 8th Annual Workshop on Network and Systems Support for Games},
	year = 2009
}
@Misc{serverclient,
	author = {Tracy V. Wilson},
	title = {How MMORPGs Work},
	month = {November},
	year = 2007,
	url = {http://electronics.howstuffworks.com/mmorpg.htm}
}
@Article{mmorpgarch,
	author = {Sergio Caltagirone and Matthew Keys and Bryan Schlief and Mary Jane Willshire},
	title = {Architecture for a massively multiplayer online role playing game engine},
	journal = {Journal of Computing Sciences in Colleges},
	year = 2002,
	month = {December},
	pages = {105 - 116},
	volume = 18
}
@Article{sysperform,
	author = {Gao Huang and Meng Ye and Long Cheng},
	title = {Modeling System Performance in MMORPG},
	journal = {Global Telecommunications Conference Workshops},
	year = 2004,
	month = {November},
	pages = {512 - 518},
	url = {https://www.gprt.ufpe.br/~rafael.antonello/articles/modeling/Modeling%20system%20performance%20in%20MMORPG.pdf}
}
@InBook{exploitingbook,
	author = {Greg Hoglund and Gary McGraw},
	title = {Exploiting Online Games: Cheating Massively Distributed Systems},
	publisher = {Pearson Education, Inc.},
	year = 2008,
	pages = {3 - 29},
	address = {Upper Saddle River, NJ, USA}
}
@Misc{subscription,
	author = {Bruce Sterling Woodcock},
	title = {An Analysis of MMOG Subscription Growth - version 23.0},
	month = {April},
	year = 2008,
	url = {http://www.mmogchart.com/}
}
@Misc{airwarrior,
	author = {Brooke P. Anderson},
	title = {How to fly and fight in Air Warrior},
	month = {March},
	year = 1997,
	timestamp = {1997.3.21},
	url = {http://www.electraforge.com/brooke/\\flightsims/air\_warrior/awtaman.txt}
}
@Misc{mud,
	author = {Richard A. Bartle},
	title = {Incarnations of MUD},
	month = {September},
	url = {http://www.mud.co.uk/richard/incarns.htm}
}
@Misc{mmoghist,
	author = {Steven L. Kent},
	title = {Alternate Reality: The history of massively multiplayer online games},
	month = {September},
	year = 2003,
	timestamp = {2003.09.23},
	url = {http://archive.gamespy.com/amdmmog/week1/}
}
